<?xml version="1.0" encoding="UTF-8"?><collection xmlns="http://www.loc.gov/MARC21/slim"><record><leader>00370nam--2200133-i-4500</leader><controlfield tag="001">000019275</controlfield><controlfield tag="002">20161230</controlfield><controlfield tag="005">20161230201033</controlfield><controlfield tag="008">060222s1000------------r-----000-0-eng-d</controlfield><datafield ind1=" " ind2=" " tag="080"><subfield code="a">778.37</subfield></datafield><datafield ind1=" " ind2=" " tag="100"><subfield code="a">Dubovik, A.S</subfield></datafield><datafield ind1=" " ind2=" " tag="245"><subfield code="a">Photographic recording of high-speed processes.translated by w.e.jones</subfield></datafield><datafield ind1=" " ind2=" " tag="260"><subfield code="a">Oxford, Pergamon Press. 1968,  Xxii + 496 P</subfield></datafield><datafield ind1=" " ind2=" " tag="852"><subfield code="a">35429</subfield></datafield></record></collection>